@misc{ASCII,
  author = {{American National Standards Institute}},
  title =	 {7-Bit American National Standard Codefor Information Interchange (7-Bit ASCII)},
  insitution =	 {{ANSI}},
  note =	 {New York: American National Standards Institute}
}

@misc{OWL_specification,
  author = {Sean Bechhofer and Frank van Harmelen and Jim Hendler and Ian Horrocks and Deborah L. McGuinness and Peter F. Patel-Schneider and Lynn Andrea Stein},
  year = 2009,
  title = {OWL Web Ontology Language Reference},
  note =	 {[Internet][Viitattu 23.2.2018].
          Saatavissa: \url{https://www.w3.org/TR/owl-ref/}}
}

@misc{OWL_overview,
  author = {Deborah L. McGuinness and Frank van Harmelen},
  year = 2004,
  title = {OWL Web Ontology Language Overview},
  url = "https://www.w3.org/TR/owl-ref/",
  note =	 {[Internet][Viitattu 15.4.2018].
          Saatavissa: \url{https://www.w3.org/TR/2004/REC-owl-features-20040210/}}
}

@article{ontology_learning,
  author    = {Alexander Maedche and Steffen Staab},
  title     = {Ontology Learning for the Semantic Web},
  journal   = {IEEE Intelligent Systems},
  volume    = 16,
  number    = 2,
  year      = 2001,
  pages     = {72--79},
  note      = {[Artikkeli]. Saatavissa: DOI: 10.1109/5254.920602. ISSN: 1541-1672}
}

@misc{RDF_specification,
  title =	 {{RDF Primer}},
  author = {{Frank Manola and Eric Miller and Brian McBride}},
  year =   2014,
  note =	 {[Internet][Viitattu 23.2.2018].
          Saatavissa: \url{https://www.w3.org/TR/rdf11-primer/}}
}

@misc{RDF_specification_old,
  title =	 {{RDF Primer}},
  author = {{Frank Manola and Eric Miller}},
  year =   2004,
  note =	 {[Internet][Viitattu 9.4.2018].
          Saatavissa: \url{https://www.w3.org/TR/rdf-primer/}}
}

@misc{RDF_XML,
  title =	 {{XML RDF}},
  author = {{World Wide Web Consortium}},
  note =	 {[Internet][Viitattu 3.3.2018].
          Saatavissa: \url{https://www.w3schools.com/xml/xml_rdf.asp}}
}

@article{Berners_visio,
  author    = {Tim Berners-Lee and James Hendler and Ora Lassila},
  title     = {THE SEMANTIC WEB},
  journal   = {Scientific American},
  volume    = 284,
  number    = 5,
  year      = 1996,
  pages     = {34--43},
  note      = {Saatavissa: \url{www.jstor.org/stable/26059207}}
}

@article{Facebook,
  author    = {Hayley Tsukayama},
  title     = {Facebook introduces social search feature},
  year      = 2013,
  note      = {[Verkkolehti] [Viitattu 23.02.2018]. Saatavissa: \url{https://www.washingtonpost.com/business/technology/facebook-introduces-social-search-feature/2013/01/15/599c6f7e-5f3d-11e2-9940-6fc488f3fecd_story.html}}
}

@book{Antoniou,
  author    = {Grigoris Antoniou and Paul Groth and Frank van Harmelen and Rinke Hoekstra},
  title     = {A Semantic Web Primer},
  publisher = {The MIT Press},
  note      = {Massachusetts Institute of Technology, USA: The MIT Press, 2012. Saatavilla: ISBN: 978-0-262-01828-9}
}

@misc{W3C,
  author =   {{World Wide Web Consortium}},
  title =    {{About W3C}},
  year =     {2018},
  note =     {[Internet][Viitattu 23.2.2018]. Saatavissa: \url{https://www.w3.org/Consortium/}}
}

@misc{W3C_RDF_validator,
  title =    {{Validation Service}},
  author =   {{World Wide Web Consortium}},
  year =     2018,
  note =     {[Internet][Viitattu 7.3.2018]. Saatavissa: \url{https://www.w3.org/RDF/Validator/}}
}

@misc{SeCo_RDF_validator,
  author =   {{Semantic Computing Research Group, University of Helsinki and a large consortium of Finnish public organizations and companies}},
  title =    {{RDF Grapher}},
  year =     {2018},
  note =     {[Internet][Viitattu 7.3.2018]. Saatavissa: \url{http://www.ldf.fi/service/rdf-grapher/}}
}

@article{IEEE_XML,
  author    = {Stefan Decker and Sergey Melnik and Frank Van Harmelen and Dieter Fensel, and Michel Klein and Jeen Broekstra and Michael Erdmann and Ian Horrocks },
  title     = {The Semantic Web: The Roles of XML and RDF},
  journal   = {Internet computing},
  volume    = 4,
  number    = 5,
  year      = 2000,
  pages     = {63--74},
  note      = {[Artikkeli]. Saatavissa: DOI: 10.1109/4236.877487}
}

@article{revisited,
  author    = {Nigel Shadbolt and Wendy Hall and Tim Berners-Lee},
  title     = {The Semantic Web Revisited},
  journal   = {IEEE Intelligent Systems},
  volume    = 21,
  number    = 3,
  year      = 2006,
  pages     = {96--101},
  note      = {[Artikkeli]. Saatavissa: DOI: 10.1109/MIS.2006.62}
}

@misc{triplestore,
  author =   {{Ontotext}},
  title =    {{What is RDF Triplestore?}},
  year =     {2018},
  note =     {[Internet][Viitattu 14.3.2018]. Saatavissa: \url{https://ontotext.com/knowledgehub/fundamentals/what-is-rdf-triplestore/}}
}
@misc{triplestore2,
  author =   {Kristian Alexander},
  title =    {{The Difference Between a Triplestore and a Relational Database}},
  note =     {[Internet][Viitattu 14.3.2018]. Saatavissa: \url{http://www.krisalexander.com/uncategorized/2013/07/16/the-difference-between-a-triplestore-and-a-relational-database/}}
}

@misc{LOD_cloud,
  author =   {Andrejs Abele and John McCrae},
  title =    {{The Linking Open Data cloud diagram}},
  year =     {2017},
  note =     {[Internet][Viitattu 14.3.2018]. Saatavissa: \url{http://lod-cloud.net/versions/2017-08-22/lod.svg}}
}

@misc{DB_ranking,
  author =   {{DB-Engines}},
  title =    {{DB-Engines Ranking}},
  year =     {2018},
  note =     {[Internet][Viitattu 14.3.2018]. Saatavissa: \url{https://db-engines.com/en/ranking}}
}

@misc{Tim-BL,
  author =   {Tim Berners-Lee},
  title =    {{Linked Data}},
  year =     2009,
  note =     {[Internet][Viitattu 14.3.2018]. Saatavissa: \url{https://www.w3.org/DesignIssues/LinkedData.html}}
}

@misc{SeCo_stars,
  author =   {Eero Hyvönen and Jouni Tuominen and Miika Alonen and Eetu Mäkelä},
  title =    {{Linked Data Finland: A 7-star Model and Platform for Publishing and Re-using Linked Datasets}},
  year =     {2014},
  note =     {[konferenssipaperi][Viitattu 14.3.2018]. Saatavissa: DOI: \url{https://doi.org/10.1007/978-3-319-11955-7_24} ISBN: 978-3-319-11954-0}
}

@misc{SeCo_stars2,
  author =   {{Linked Data Finland}},
  title =    {{Linked Data Finland}},
  note =     {[Viitattu 18.4.2018]. \url{http://www.ldf.fi/}}
}

@misc{cambridge,
  author =   {{Cambridge semantics}},
  title =    {{RDF Nuts & Bolts}},
  note =     {[Internet][Viitattu 15.3.2018]. Saatavissa: \url{https://www.cambridgesemantics.com/blog/semantic-university/learn-rdf/rdf-nuts-bolts/}}
}

@misc{cambridge2,
  author =   {{Cambridge semantics}},
  title =    {{RDF vs. XML}},
  note =     {[Internet][Viitattu 27.3.2018]. Saatavissa: \url{https://www.cambridgesemantics.com/blog/semantic-university/learn-rdf/rdf-vs-xml/}}
}

@misc{W3C_turtle,
  author =   {David Beckett, Tim Berners-Lee},
  title =    {{Turtle - Terse RDF Triple Language}},
  note =     {[Internet][Viitattu 15.3.2018]. Saatavissa: \url{https://www.w3.org/TeamSubmission/turtle/}}
}
@misc{W3C_RDFS,
  author =   {{World Wide Web Consortium}},
  title =    {{RDF Schema (RDFS)}},
  note =     {[Internet][Viitattu 15.3.2018]. Saatavissa: \url{http://w3schools.sinsixx.com/rdf/rdf_schema.asp.htm}}
}

@misc{W3C_RDFS2,
  author =   {Dan Brickley and R.V Guha and Brian McBride},
  title =    {{RDF Schema}},
  year =     {{2014}},
  note =     {[Internet][Viitattu 28.3.2018]. Saatavissa: \url{https://www.w3.org/TR/rdf-schema/}}
}

@misc{Semantic_Web_represent,
  author =   {Tim Berners-Lee},
  title =    {{What the Semantic Web can represent}},
  year =     {{1998}},
  note =     {[Internet][Viitattu 28.3.2018]. Saatavissa: \url{https://www.w3.org/DesignIssues/RDFnot.html}}
}

@misc{Google,
  author =   {Thomas Steiner and Raphaël Troncy and Michael Hausenblas},
  title =    {{How Google is using Linked Data Today and
Vision For Tomorrow}},
  note =     {[Viitattu 15.3.2018]. Saatavissa: \url{https://static.googleusercontent.com/media/research.google.com/en//pubs/archive/37430.pdf}}
}

@book{lassila_dissertion,
  author    = {Ora Lassila},
  title     = {{Programming Semantic Web Applications: A Synthesis of Knowledge Representation and Semi-Structured Data}},
  year      = 2007,
  note      = {Väitöskirja, Department of Computer Science and Engineering, Helsinki. Saatavilla: ISBN: 978-951-22-8985-1}
}

@article{WWW,
  author    = {Tim Berners-Lee},
  title     = {WWW: Past, Present and Future},
  journal   = {IEEE Internet computing},
  volume    = 2,
  number    = 4,
  year      = 1998,
  pages     = {30--37},
  note      = {[Artikkeli]. Saatavissa: DOI: 10.1109/2.539724. ISSN: 0018-9162}
}

@article{metadata,
  author    = {Ora Lassila},
  title     = {WEB METADATA: A Matter of Semantics},
  journal   = {IEEE Internet computing},
  volume    = 4,
  number    = 5,
  year      = 2000,
  pages     = {63--74},
  note      = {[Artikkeli]. Saatavissa: DOI: http://dx.doi.org/10.1109/4236.707688}
}


@misc{data_namespace,
  author =   {Richard Cyganiak},
  title =    {{Top 100 most popular RDF namespace prefixes}},
  note =     {[Viitattu 28.3.2018]. Saatavissa: \url{http://richard.cyganiak.de/blog/2011/02/top-100-most-popular-rdf-namespace-prefixes/}}
}

@misc{profium,
  author =   {{Profium}},
  title =    {{Semanttinen Web}},
  note =     {[Internet][Viitattu 29.3.2018]. Saatavissa: \url{https://www.profium.com/fi/teknologiat/semanttinen-web}}
}

@misc{profium_metadata,
  author =   {{Profium}},
  title =    {METADATA},
  note =     {[Internet][Viitattu 29.3.2018]. Saatavissa: \url{https://www.profium.com/fi/teknologiat/metadata}}
}

@misc{profium_search,
  author =   {{Profium}},
  title =    {SEMANTIC SEARCH},
  note =     {[Internet][Viitattu 19.4.2018]. Saatavissa: \url{https://www.profium.com/en/technologies/semantic-search}}
}

@misc{XMP_standard,
  author =   {{International Organization for Standardization}},
  title =    {{ISO 16684-1:2012}},
  note =     {[Internet][Viitattu 16.4.2018]. Saatavissa: \url{https://www.iso.org/standard/57421.html}}
}

@misc{XMP1,
  author =   {{Adobe}},
  year =     {{2012}},
  title =    {{XMP SPECIFICATION PART 1}},
  note =     {[Viitattu 16.4.2018]. Saatavissa: \url{https://www.adobe.com/devnet/xmp.html}}
}

@misc{XMP2,
  author =   {{Adobe}},
  year =     {{2016}},
  title =    {{XMP SPECIFICATION PART 2}},
  note =     {[Viitattu 16.4.2018]. Saatavissa: \url{https://www.adobe.com/devnet/xmp.html}}
}

@misc{XMP_overall,
  author =   {{Adobe}},
  title =    {{Extensible Metadata Platform (XMP)}},
  note =     {[Viitattu 19.4.2018]. Saatavissa: \url{https://www.adobe.com/products/xmp.html}}
}

@article{stack,
  author    = {Michael Kifer and Jos de Bruijn and Harold Boley and Dieter Fensel},
  title     = {A Realistic Architecture for the Semantic Web},
  year      = 2005,
  note      = {Saatavissa: DOI: \url{https://doi.org/10.1007/11580072_3}}
}

@article{stack_bl,
  author    = {Tim Berners-Lee},
  title     = {Semantic Web - XML2000},
  year      = 2000,
  note      = {[internet] Saatavissa: \url{https://www.w3.org/2000/Talks/1206-xml2k-tbl/Overview.html}}
}

@misc{semantics,
  author =   {Richmond Thomason},
  title =    {{What is Semantics?}},
  year =     2012,
  note =     {[Internet][Viitattu 8.4.2018]. Saatavissa: \url{https://web.eecs.umich.edu/~rthomaso/documents/general/what-is-semantics.html}}
}

@misc{semantics_phi,
  author =   {{Tieteen termipankki}},
  year =     2018,
  title =    {{Filosofia: semantiikka}},
  note =     {[Internet][Viitattu 8.4.2018]. Saatavissa: \url{http://tieteentermipankki.fi/wiki/Filosofia:semantiikka}}
}

@misc{vocabulary,
  author =   {{World Wide Web Consortium}},
  title =    {{Vocabularies}},
  note =     {[Internet][Viitattu 8.4.2018]. Saatavissa: \url{https://www.w3.org/standards/semanticweb/ontology}}
}

@misc{Protege,
  author =   {{M.A., Musen}},
  title =    {{The Protégé project: A look back and a look forward}},
  note =     {AI Matters. Association of Computing Machinery Specific Interest Group in Artificial Intelligence, 1(4), June 2015. Saatavissa: DOI: 10.1145/2557001.25757003.}
}

@misc{sparql,
  author =   {{W3C SPARQL Working Group}},
  title =    {{SPARQL 1.1 Overview}},
  year      = 2013,
  note =     {[Internet][Viitattu 14.4.2018]. Saatavissa: \url{https://www.w3.org/TR/sparql11-overview/}}
}

@misc{sparql_query,
  author =   {Steve Harrus and Andy Seaborne and Eric Prud'hommeaux},
  title =    {{SPARQL 1.1 Query Language}},
  year      = 2013,
  note =     {[Internet][Viitattu 14.4.2018]. Saatavissa: \url{https://www.w3.org/TR/2013/REC-sparql11-query-20130321/}}
}

@misc{linked_w3c,
  author =   {{World Wide Web Consortium}},
  title =    {{Linked Data}},
  note =     {[Internet][Viitattu 15.4.2018]. Saatavissa: \url{https://www.w3.org/standards/semanticweb/data}}
}

@misc{linked_data_finlad,
  author =   {Eero Hyvönen},
  title =    {{Linked Data Finland}},
  note =     {[Internet][Viitattu 18.4.2018]. Saatavissa: \url{http://www.terminfo.fi/sisalto/linked-data-finland-50.html}}
}

@misc{keyword_search,
  author =   {William Webber},
  title =    {{Evaluating the Effectiveness of Keyword Search}},
  note =     {[Internet][Viitattu 18.4.2018]. Saatavissa: \url{http://www.terminfo.fi/sisalto/linked-data-finland-50.html}}
}

@article{keyword_search,
  author    = {William Webber},
  title     = {Evaluating the Effectiveness of Keyword Search},
  journal   = {IEEE Data Engineering},
  volume    = 33,
  number    = 1,
  year      = 2010,
  pages     = {54}
}

@inproceedings{semantic_search,
  title={Semantic search},
  author={Guha, Ramanathan and McCool, Rob and Miller, Eric},
  booktitle={Proceedings of the 12th international conference on World Wide Web},
  pages={700--709},
  year={2003},
  organization={ACM}
}

@misc{knowledge_graph,
  author =   {{Google}},
  title =    {{The Knowledge Graph}},
  note =     {[Internet][Viitattu 19.4.2018]. Saatavissa: \url{https://www.google.com/intl/bn/insidesearch/features/search/knowledge.html}}
}

@misc{cortana,
  author =   {Larry Heck},
  year = 2014,
  title =    {{Anticipating More from Cortana}},
  note =     {[Internet][Viitattu 19.4.2018]. Saatavissa: \url{https://www.microsoft.com/en-us/research/blog/anticipating-more-from-cortana/}}
}

@misc{siri,
  author =   {Matt Delaforce},
  year = 2012,
  title =    {{Semantic Search, Siri and What it Means for SEO}},
  note =     {[Internet][Viitattu 19.4.2018]. Saatavissa: \url{https://www.4psmarketing.com/blog/search-siri-semantics/}}
}

@misc{assistant,
  author =   {Alexis Sanders},
  year = 2016,
  title =    {{What Is Semantic Search and What Should You Do About It?}},
  note =     {[Internet][Viitattu 19.4.2018]. Saatavissa: \url{https://moz.com/blog/what-is-semantic-search}}
}

@article{ontology_def,
  title={Knowledge engineering: principles and methods},
  author={Studer, Rudi and Benjamins, V Richard and Fensel, Dieter},
  journal={Data \& knowledge engineering},
  volume={25},
  number={1-2},
  pages={161--197},
  year={1998},
  publisher={Elsevier}
}

@article{ontology_def,
  title={Knowledge engineering: principles and methods},
  author={Studer, Rudi and Benjamins, V Richard and Fensel, Dieter},
  journal={Data \& knowledge engineering},
  volume={25},
  number={1-2},
  pages={161--197},
  year={1998},
  publisher={Elsevier}
}

@misc{finlex,
  author =   {{Aalto-yliopisto and Semanttisen laskennan tutkimusryhmä (SeCo) and oikeusministeriö and Edita Publishing Oy}},
  title =    {{Semanttinen Finlex: Laki ja oikeus semanttisessa webissä}},
  note =     {[Internet][Viitattu 22.4.2018]. Saatavissa: \url{http://data.finlex.fi/fi/main}}
}

@misc{finlex2,
  author =   {{Aalto-yliopisto and Semanttisen laskennan tutkimusryhmä (SeCo) and oikeusministeriö and Edita Publishing Oy}},
  title =    {{Datapalvelu ja tietomalli}},
  note =     {[Internet][Viitattu 22.4.2018]. Saatavissa: \url{http://data.finlex.fi/fi/tietomallinnus}}
}

@misc{finlex3,
  author =   {{Aalto-yliopisto and Semanttisen laskennan tutkimusryhmä (SeCo) and oikeusministeriö and Edita Publishing Oy}},
  title =    {{Legislation}},
  note =     {[Internet][Viitattu 22.4.2018]. Saatavissa: \url{http://data.finlex.fi/fi/lainsaadanto}}
}

https://www.w3.org/2000/Talks/1206-xml2k-tbl/slide1-0.html

https://www.w3.org/2000/Talks/1206-xml2k-tbl/slide10-0.html
http://w3schools.sinsixx.com/rdf/rdf_schema.asp.htm
https://www.w3.org/TeamSubmission/turtle/
http://www.krisalexander.com/uncategorized/2013/07/16/the-difference-between-a-triplestore-and-a-relational-database/
