@misc{ASCII,
  author = {ANSI},
  title =	 {7-Bit American National Standard Codefor Information Interchange (7-Bit ASCII)},
  insitution =	 {{ANSI}},
  note =	 {New York: American National Standards Institute}
}

@misc{OWL_specification,
  author = {Sean Bechhofer and Frank van Harmelen and Jim Hendler and Ian Horrocks and Deborah L. McGuinness and Peter F. Patel-Schneider and Lynn Andrea Stein},
  year = 2009,
  title = {OWL Web Ontology Language Reference},
  url = "https://www.w3.org/TR/owl-ref/",
  note =	 {[Internet][Viitattu 23.2.2018].
          Saatavissa: \url{https://www.w3.org/TR/owl-ref/}}
}


@article{ontology_learning,
  author    = {Alexander Maedche and Steffen Staab},
  title     = {Ontology Learning for the Semantic Web},
  journal   = {IEEE Intelligent Systems},
  volume    = 16,
  number    = 2,
  year      = 2001,
  pages     = {72--79},
  note      = {[Artikkeli]. Saatavissa: DOI: 10.1109/5254.920602. ISSN: 1541-1672}
}

@misc{RDF_specification,
  title =	 {{RDF Primer}},
  author = {{Frank Manola and Eric Miller and Brian McBride}},
  year =   2014,
  note =	 {[Internet][Viitattu 23.2.2018].
          Saatavissa: \url{https://www.w3.org/TR/rdf11-primer/}}
}

@misc{RDF_XML,
  title =	 {{XML RDF}},
  author = {{World Wide Web Consortium (W3C)}},
  note =	 {[Internet][Viitattu 3.3.2018].
          Saatavissa: \url{https://www.w3schools.com/xml/xml_rdf.asp}}
}

@article{Berners_visio,
  author    = {Tim Berners-Lee and James Hendler and Ora Lassila},
  title     = {THE SEMANTIC WEB},
  journal   = {Scientific American},
  volume    = 284,
  number    = 5,
  year      = 1996,
  pages     = {34--43},
  note      = {Saatavissa: \url{www.jstor.org/stable/26059207}}
}

@article{Facebook,
  author    = {{Hayley Tsukayama}},
  title     = {Facebook introduces social search feature},
  year      = 2013,
  note      = {[Verkkolehti] [Viitattu 23.02.2018]. Saatavissa: \url{https://www.washingtonpost.com/business/technology/facebook-introduces-social-search-feature/2013/01/15/599c6f7e-5f3d-11e2-9940-6fc488f3fecd_story.html}}
}

@book{Antoniou,
  author    = {Grigoris Antoniou and Paul Groth and Frank van Harmelen and Rinke Hoekstra},
  title     = {A Semantic Web Primer},
  publisher = {The MIT Press},
  note      = {Massachusetts Institute of Technology, USA: The MIT Press, 2012. Saatavilla: ISBN: 978-0-262-01828-9}
}

@misc{W3C,
  author =   {{World Wide Web Consortium (W3C)}},
  title =    {{About W3C}},
  year =     {2018},
  note =     {[Internet][Viitattu 23.2.2018]. Saatavissa: \url{https://www.w3.org/Consortium/}}
}

@misc{W3C_RDF_validator,
  author =   {{World Wide Web Consortium (W3C)}},
  title =    {{Validation Service}},
  year =     {2018},
  note =     {[Internet][Viitattu 7.3.2018]. Saatavissa: \url{https://www.w3.org/RDF/Validator/}}
}

@misc{SeCo_RDF_validator,
  author =   {{Semantic Computing Research Group, University of Helsinki and a large consortium of Finnish public organizations and companies}},
  title =    {{RDF Grapher}},
  year =     {2018},
  note =     {[Internet][Viitattu 7.3.2018]. Saatavissa: \url{http://www.ldf.fi/service/rdf-grapher/}}
}

@article{IEEE_XML,
  author    = {STEFAN DECKER AND SERGEY MELNIK AND FRANK VAN HARMELEN AND DIETER FENSEL, AND MICHEL KLEIN AND JEEN BROEKSTRA AND MICHAEL ERDMANN AND IAN HORROCKS },
  title     = {The Semantic Web: The Roles of XML and RDF},
  journal   = {INTERNET COMPUTING},
  volume    = 4,
  number    = 5,
  year      = 2000,
  pages     = {63--74},
  note      = {[Artikkeli]. Saatavissa: DOI: 10.1109/4236.877487}
}

@article{revisited,
  author    = {Nigel Shadbolt and Wendy Hall and Tim Berners-Lee},
  title     = {The Semantic Web Revisited},
  journal   = {IEEE INTELLIGENT SYSTEMS},
  volume    = 21,
  number    = 3,
  year      = 2006,
  pages     = {96--101},
  note      = {[Artikkeli]. Saatavissa: DOI: 10.1109/MIS.2006.62}
}

@misc{triplestore,
  author =   {{Ontotext}},
  title =    {{What is RDF Triplestore?}},
  year =     {2018},
  note =     {[Internet][Viitattu 14.3.2018]. Saatavissa: \url{https://ontotext.com/knowledgehub/fundamentals/what-is-rdf-triplestore/}}
}

@misc{LOD_cloud,
  author =   {{Andrejs Abele and John McCrae}},
  title =    {{The Linking Open Data cloud diagram}},
  year =     {2017},
  note =     {[Internet][Viitattu 14.3.2018]. Saatavissa: \url{http://lod-cloud.net/versions/2017-08-22/lod.svg}}
}

@misc{DB_ranking,
  author =   {{DB-Engines}},
  title =    {{DB-Engines Ranking}},
  year =     {2018},
  note =     {[Internet][Viitattu 14.3.2018]. Saatavissa: \url{https://db-engines.com/en/ranking}}
}

@misc{Tim-BL,
  author =   {{Tim Berners-Lee}},
  title =    {{Linked Data}},
  year =     {2009},
  note =     {[Internet][Viitattu 14.3.2018]. Saatavissa: \url{https://www.w3.org/DesignIssues/LinkedData.html}}
}

@misc{SeCo_stars,
  author =   {{Eero Hyvönen and Jouni Tuominen and Miika Alonen and Eetu Mäkelä}},
  title =    {{Linked Data Finland: A 7-star Model and Platform for Publishing and Re-using Linked Datasets}},
  year =     {2014},
  note =     {[konferenssipaperi][Viitattu 14.3.2018]. Saatavissa: DOI: \url{https://doi.org/10.1007/978-3-319-11955-7_24} ISBN: 978-3-319-11954-0}
}

@misc{cambridge,
  author =   {{CAMBRIDGE SEMANTICS}},
  title =    {{RDF Nuts & Bolts}},
  note =     {[Internet][Viitattu 15.3.2018]. Saatavissa: \url{https://www.cambridgesemantics.com/blog/semantic-university/learn-rdf/rdf-nuts-bolts/}}
}

@misc{cambridge2,
  author =   {{CAMBRIDGE SEMANTICS}},
  title =    {{RDF vs. XML}},
  note =     {[Internet][Viitattu 27.3.2018]. Saatavissa: \url{https://www.cambridgesemantics.com/blog/semantic-university/learn-rdf/rdf-vs-xml/}}
}

@misc{W3C_turtle,
  author =   {{David Beckett, Tim Berners-Lee}},
  title =    {{Turtle - Terse RDF Triple Language}},
  note =     {[Internet][Viitattu 15.3.2018]. Saatavissa: \url{https://www.w3.org/TeamSubmission/turtle/}}
}
@misc{W3C_RDFS,
  author =   {{W3C}},
  title =    {{RDF Schema (RDFS)}},
  note =     {[Internet][Viitattu 15.3.2018]. Saatavissa: \url{http://w3schools.sinsixx.com/rdf/rdf_schema.asp.htm}}
}

@misc{W3C_RDFS2,
  author =   {{Dan Brickley and R.V Guha and Brian McBride}},
  title =    {{RDF Schema}},
  year =     {{2014}},
  note =     {[Internet][Viitattu 28.3.2018]. Saatavissa: \url{https://www.w3.org/TR/rdf-schema/}}
}

@misc{Semantic_Web_represent,
  author =   {{Tim Berners-Lee}},
  title =    {{What the Semantic Web can represent}},
  year =     {{1998}},
  note =     {[Internet][Viitattu 28.3.2018]. Saatavissa: \url{https://www.w3.org/DesignIssues/RDFnot.html/}}
}



@misc{Google,
  author =   {{Thomas Steiner and Raphaël Troncy and Michael Hausenblas}},
  title =    {{How Google is using Linked Data Today and
Vision For Tomorrow}},
  note =     {[Viitattu 15.3.2018]. Saatavissa: \url{https://static.googleusercontent.com/media/research.google.com/en//pubs/archive/37430.pdf}}
}

% p.49 challenges
@book{lassila_dissertion,
  author    = {Ora Lassila},
  title     = {Programming Semantic Web Applications: A Synthesis of Knowledge Representation and Semi-Structured Data},
  year      = 2007,
  note      = {Väitöskirja, Department of Computer Science and Engineering, Helsinki. Saatavilla: ISBN: 978-951-22-8985-1}
}

@article{WWW,
  author    = {Tim Berners-Lee},
  title     = {WWW: Past, Present and Future},
  journal   = {IEEE INTERNET COMPUTING},
  volume    = 2,
  number    = 4,
  year      = 1998,
  pages     = {30--37},
  note      = {[Artikkeli]. Saatavissa: DOI: 10.1109/2.539724. ISSN: 0018-9162}
}

@article{metadata,
  author    = {ORA LASSILA},
  title     = {WEB METADATA: A Matter of Semantics},
  journal   = {INTERNET COMPUTING},
  volume    = 4,
  number    = 5,
  year      = 2000,
  pages     = {63--74},
  note      = {[Artikkeli]. Saatavissa: DOI: http://dx.doi.org/10.1109/4236.707688}
}


@misc{data_namespace,
  author =   {{Richard Cyganiak}},
  title =    {{Top 100 most popular RDF namespace prefixes}},
  note =     {[Viitattu 28.3.2018]. Saatavissa: \url{http://richard.cyganiak.de/blog/2011/02/top-100-most-popular-rdf-namespace-prefixes/}}
}


@misc{XMP,
  author =   {{Adobe}},
  year =     {{2012}},
  title =    {{XMP SPECIFICATION PART 1}},
  note =     {[Internet][Viitattu 29.3.2018]. Saatavissa: \url{https://www.profium.com/fi/teknologiat/semanttinen-web}}
}

https://www.w3.org/2000/Talks/1206-xml2k-tbl/slide10-0.html
http://w3schools.sinsixx.com/rdf/rdf_schema.asp.htm
https://www.w3.org/TeamSubmission/turtle/
http://www.krisalexander.com/uncategorized/2013/07/16/the-difference-between-a-triplestore-and-a-relational-database/
